{"gold_per_floor":[118,118,138,148,165,165,200,215,215,225,225],"floor_reached":11,"playtime":819,"items_purged":[],"score":102,"play_id":"28c593aa-6036-4c6a-8ae8-ab610cd3ab4d","local_time":"20190522213000","daily_mods":["SealedDeck"],"is_ascension_mode":false,"campfire_choices":[{"data":"HollowMod:ShadowDash","floor":6,"key":"SMITH"}],"neow_cost":"","seed_source_timestamp":0,"circlet_count":0,"master_deck":["HollowMod:PogoStrike","HollowMod:ShapeofUnn","HollowMod:DoubleDash","HollowMod:RecoilStrike","HollowMod:PogoStrike","HollowMod:AbyssShriek","HollowMod:DoubleDash","HollowMod:WraithStrike","HollowMod:SiblingsShadow","HollowMod:ShadowDash+1","HollowMod:GoodIntentions","HollowMod:VengefulVoid"],"relics":["HollowMod:VesselMask","Ornamental Fan","Unceasing Top"],"potions_floor_usage":[7,11],"damage_taken":[{"damage":6,"enemies":"Small Slimes","floor":1,"turns":2},{"damage":6,"enemies":"Cultist","floor":3,"turns":3},{"damage":37,"enemies":"HollowMod:HuskWarrior","floor":4,"turns":4},{"damage":6,"enemies":"Blue Slaver","floor":5,"turns":3},{"damage":0,"enemies":"Gremlin Nob","floor":7,"turns":2},{"damage":8,"enemies":"2 Fungi Beasts","floor":8,"turns":2},{"damage":2,"enemies":"Large Slime","floor":10,"turns":5},{"damage":0,"enemies":"Exordium Wildlife","floor":11,"turns":1}],"seed_played":"7222754107512696476","potions_obtained":[{"floor":1,"key":"Fire Potion"},{"floor":10,"key":"SkillPotion"}],"is_trial":true,"path_per_floor":["M","?","M","M","M","R","E","M","T","M","M"],"character_chosen":"THE_BUGKNIGHT","items_purchased":[],"campfire_rested":0,"item_purchase_floors":[],"current_hp_per_floor":[69,69,63,26,20,20,20,12,12,10,10],"gold":225,"neow_bonus":"","is_prod":false,"is_daily":false,"chose_seed":false,"campfire_upgraded":1,"win_rate":0,"timestamp":1558578600,"path_taken":["M","?","M","M","M","R","E","M","T","M","?"],"build_version":"2019-01-23","purchased_purges":0,"victory":false,"max_hp_per_floor":[75,75,75,75,75,75,75,75,75,75,75],"card_choices":[{"not_picked":["HollowMod:DreamGate","HollowMod:LifebloodCocoon"],"picked":"HollowMod:ShadowDash","floor":1},{"not_picked":["HollowMod:LifebloodCocoon","HollowMod:SharpenedNail"],"picked":"HollowMod:GoodIntentions","floor":3},{"not_picked":["HollowMod:Grubsong","HollowMod:PureNailStrike"],"picked":"HollowMod:VengefulVoid","floor":4},{"not_picked":["HollowMod:AbyssShriek","HollowMod:HeavyBlow","HollowMod:HowlingWraiths"],"picked":"SKIP","floor":5},{"not_picked":["HollowMod:GoodIntentions","HollowMod:AbyssShriek","HollowMod:HowlingWraiths"],"picked":"SKIP","floor":7},{"not_picked":["HollowMod:ThornsofAgony","HollowMod:ConfessorsAdvice","HollowMod:LifebloodCore"],"picked":"SKIP","floor":8},{"not_picked":["HollowMod:DreamGate","HollowMod:DoubleDash","HollowMod:HowlingWraiths"],"picked":"SKIP","floor":10}],"player_experience":18952,"relics_obtained":[{"floor":7,"key":"Ornamental Fan"},{"floor":9,"key":"Unceasing Top"}],"event_choices":[{"cards_removed":["HollowMod:AbyssShriek"],"damage_healed":0,"gold_gain":0,"player_choice":"Card Removal","damage_taken":0,"max_hp_gain":0,"max_hp_loss":0,"event_name":"Wheel of Change","floor":2,"gold_loss":0}],"is_beta":false,"boss_relics":[],"items_purged_floors":[],"is_endless":false,"potions_floor_spawned":[1,10],"killed_by":"Exordium Wildlife","ascension_level":0}