{"gold_per_floor":[99,99,116,116,66,86,105,105,130,151,231,231,21,37,37],"floor_reached":15,"playtime":1095,"items_purged":["HollowMod:QuickDashStart"],"score":120,"play_id":"881f4966-c5d4-4e4e-ad7a-26e092382fbc","local_time":"20190526211856","is_ascension_mode":true,"campfire_choices":[{"data":"HollowMod:SiblingsShadow","floor":8,"key":"SMITH"}],"neow_cost":"","seed_source_timestamp":0,"circlet_count":0,"master_deck":["HollowMod:NailStrikeStart","HollowMod:NailStrikeStart","HollowMod:NailStrikeStart","HollowMod:NailStrikeStart","HollowMod:QuickDashStart","HollowMod:QuickDashStart","HollowMod:QuickDashStart","HollowMod:FocusHealStart","HollowMod:CornifersMapStart","HollowMod:ShadowDash+1","HollowMod:ShadowDash+1","HollowMod:VoidDash+1","HollowMod:Flukenest","HollowMod:WraithStrike","HollowMod:SiblingsShadow+1","HollowMod:VengefulVoid","HollowMod:SharpenedShadows","HollowMod:DescendingDark+1"],"special_seed":0,"relics":["HollowMod:VesselMask","Golden Idol","Molten Egg 2","HollowMod:KingsBrand"],"potions_floor_usage":[15,15,15],"damage_taken":[{"damage":5.0,"enemies":"2 Fungi Beasts","floor":1.0,"turns":3.0},{"damage":10,"enemies":"2 Fungi Beasts","floor":3,"turns":4},{"damage":0,"enemies":"Jaw Worm","floor":6,"turns":5},{"damage":4,"enemies":"2 Louse","floor":7,"turns":3},{"damage":0,"enemies":"Large Slime","floor":9,"turns":9},{"damage":16,"enemies":"Gremlin Gang","floor":10,"turns":4},{"damage":11,"enemies":"3 Louse","floor":14,"turns":5},{"damage":27,"enemies":"Lagavulin","floor":15,"turns":2}],"seed_played":"-4966196919119584710","potions_obtained":[{"floor":6,"key":"GamblersBrew"},{"floor":7,"key":"Fire Potion"},{"floor":10,"key":"SteroidPotion"},{"floor":14,"key":"Poison Potion"}],"is_trial":false,"path_per_floor":["M","M","M","?","?","M","M","R","M","M","T","?","$","M","E"],"character_chosen":"THE_BUGKNIGHT","items_purchased":["HollowMod:SharpenedShadows"],"campfire_rested":0,"item_purchase_floors":[13],"current_hp_per_floor":[70,70,60,60,60,60,56,56,56,40,40,33,33,22,0],"gold":37,"neow_bonus":"","is_prod":false,"is_daily":false,"chose_seed":false,"campfire_upgraded":1,"win_rate":0,"timestamp":1558923536,"path_taken":["M","?","?","M","M","R","M","M","T","?","$","M","E"],"build_version":"2019-01-23","purchased_purges":1,"victory":false,"max_hp_per_floor":[75,75,75,75,75,75,75,75,75,75,75,75,75,75,75],"card_choices":[{"not_picked":["HollowMod:DescendingDark","HollowMod:CoiledNail","HollowMod:CloakDash"],"picked":"SKIP","floor":1.0},{"not_picked":["HollowMod:GoodIntentions","HollowMod:DungDefenderAura"],"picked":"HollowMod:Flukenest","floor":3},{"not_picked":["HollowMod:GrimmsGift","HollowMod:TaintedHusks"],"picked":"HollowMod:WraithStrike","floor":6},{"not_picked":["HollowMod:VengefulVoid","HollowMod:WraithStrike"],"picked":"HollowMod:SiblingsShadow","floor":7},{"not_picked":["HollowMod:RecoilStrike","HollowMod:FastStrike"],"picked":"HollowMod:VengefulVoid","floor":9},{"not_picked":["HollowMod:SoulSplash","HollowMod:LifebloodCocoon","HollowMod:InfectionAssault"],"picked":"SKIP","floor":10},{"not_picked":["HollowMod:RadiancesLament","HollowMod:PogoStrike+1"],"picked":"HollowMod:DescendingDark+1","floor":14}],"player_experience":35806,"relics_obtained":[{"floor":11,"key":"Molten Egg 2"}],"event_choices":[{"damage_healed":0,"gold_gain":0,"player_choice":"Take Wound","damage_taken":0,"relics_obtained":["Golden Idol"],"max_hp_gain":0,"max_hp_loss":0,"event_name":"Golden Idol","floor":4,"gold_loss":0,"cards_obtained":["Injury"]},{"cards_removed":["Injury"],"damage_healed":0,"gold_gain":0,"player_choice":"Card Removal","damage_taken":0,"max_hp_gain":0,"max_hp_loss":0,"event_name":"The Cleric","floor":5,"gold_loss":50},{"damage_healed":0,"gold_gain":0,"player_choice":"Success","damage_taken":7,"relics_obtained":["HollowMod:KingsBrand"],"max_hp_gain":0,"max_hp_loss":0,"event_name":"Scrap Ooze","floor":12,"gold_loss":0}],"is_beta":false,"boss_relics":[],"items_purged_floors":[13],"is_endless":false,"potions_floor_spawned":[6,7,10,14],"killed_by":"Lagavulin","ascension_level":1}