{"gold_per_floor":[117,42,57,70,85,85,115,115,184,203,30,30,30,48,48,169,169,169,109,58,58,58,58,58],"floor_reached":24,"playtime":4264,"items_purged":["HollowMod:NailStrikeStart","HollowMod:NailStrikeStart"],"score":206,"play_id":"272c531e-d632-49ee-bbfe-751c2f2e23a4","local_time":"20190520223209","is_ascension_mode":true,"campfire_choices":[{"data":"HollowMod:MothsMistake","floor":6.0,"key":"SMITH"},{"data":"HollowMod:MothsMistake","floor":8.0,"key":"SMITH"},{"floor":15.0,"key":"REST"},{"data":"HollowMod:QuickDashStart","floor":23,"key":"PURGE"}],"neow_cost":"NONE","seed_source_timestamp":0,"circlet_count":0,"master_deck":["HollowMod:NailStrikeStart","HollowMod:NailStrikeStart","HollowMod:QuickDashStart","HollowMod:QuickDashStart","HollowMod:QuickDashStart","HollowMod:FocusHealStart","HollowMod:CornifersMapStart","HollowMod:MothsMistake+1","HollowMod:CloakDash","HollowMod:ThornsofAgony","HollowMod:MothsMistake+1","HollowMod:PogoStrike","HollowMod:MonarchWings","HollowMod:DungDefenderAura","HollowMod:LifebloodCore","HollowMod:HeavyBlow","HollowMod:TaintedHusks","RitualDagger"],"special_seed":0,"relics":["HollowMod:VesselMask","Peace Pipe","Bottled Tornado","Golden Idol","Nunchaku","Ectoplasm"],"potions_floor_usage":[19,24],"damage_taken":[{"damage":6.0,"enemies":"2 Louse","floor":1.0,"turns":3.0},{"damage":2.0,"enemies":"Cultist","floor":3.0,"turns":4.0},{"damage":17.0,"enemies":"Small Slimes","floor":4.0,"turns":5.0},{"damage":5.0,"enemies":"Looter","floor":5.0,"turns":4.0},{"damage":35.0,"enemies":"Lagavulin","floor":7.0,"turns":8.0},{"damage":13.0,"enemies":"Blue Slaver","floor":10.0,"turns":5.0},{"damage":8.0,"enemies":"Large Slime","floor":14.0,"turns":6.0},{"damage":16.0,"enemies":"The Guardian","floor":16.0,"turns":9.0},{"damage":14,"enemies":"Chosen","floor":18,"turns":6},{"damage":10,"enemies":"2 Thieves","floor":19,"turns":4},{"damage":68,"enemies":"Slavers","floor":24,"turns":6}],"seed_played":"7257691602262957691","potions_obtained":[{"floor":1.0,"key":"Block Potion"},{"floor":7.0,"key":"Fire Potion"},{"floor":14.0,"key":"Fire Potion"},{"floor":18,"key":"Regen Potion"}],"is_trial":false,"path_per_floor":["M","$","M","M","M","R","E","R","T","M","$","?","T","M","R","B",null,"M","M","$","?","?","R","E"],"character_chosen":"THE_BUGKNIGHT","items_purchased":["HollowMod:MonarchWings","HollowMod:TaintedHusks"],"campfire_rested":1,"item_purchase_floors":[11,20],"current_hp_per_floor":[82,82,82,70,71,71,48,48,48,35,35,35,35,33,55,45,76,62,72,72,66,66,66,0],"gold":58,"neow_bonus":"TEN_PERCENT_HP_BONUS","is_prod":false,"is_daily":false,"chose_seed":false,"campfire_upgraded":2,"win_rate":0,"timestamp":1558409529,"path_taken":["M","$","M","M","M","R","E","R","T","M","$","?","?","M","R","BOSS","M","M","$","?","?","R","E"],"build_version":"2019-01-23","purchased_purges":2,"victory":false,"max_hp_per_floor":[82,82,82,82,82,82,82,82,82,82,82,76,76,76,76,76,76,76,76,76,76,76,76,76],"card_choices":[{"not_picked":["HollowMod:BlackTendrils","HollowMod:ChannelNail"],"picked":"HollowMod:InfectedCysts","floor":1.0},{"not_picked":["HollowMod:StalwartShell","HollowMod:SiblingsShadow"],"picked":"HollowMod:MothsMistake","floor":3.0},{"not_picked":["HollowMod:LifebloodCocoon","HollowMod:MantisMark"],"picked":"HollowMod:CloakDash","floor":4.0},{"not_picked":["HollowMod:MantisMark","HollowMod:DreamGate"],"picked":"HollowMod:ThornsofAgony","floor":5.0},{"not_picked":["HollowMod:GrimmsGift","HollowMod:PureNailStrike"],"picked":"HollowMod:MothsMistake","floor":7.0},{"not_picked":["HollowMod:WraithStrike","HollowMod:GrimmsGift"],"picked":"HollowMod:PogoStrike","floor":10.0},{"not_picked":["HollowMod:RecoilStrike","HollowMod:ConfessorsAdvice"],"picked":"HollowMod:DungDefenderAura","floor":14.0},{"not_picked":["HollowMod:ZotesMagnificence","HollowMod:ElderbugsWisdom"],"picked":"HollowMod:LifebloodCore","floor":16.0},{"not_picked":["HollowMod:DashSlash","HollowMod:WraithStrike"],"picked":"HollowMod:HeavyBlow","floor":18},{"not_picked":["HollowMod:SoulTotem","HollowMod:CrystalDash","HollowMod:GrimmsGift"],"picked":"SKIP","floor":19}],"player_experience":12329,"relics_obtained":[{"floor":7.0,"key":"Peace Pipe"},{"floor":9.0,"key":"Bottled Tornado"},{"floor":13.0,"key":"Nunchaku"}],"event_choices":[{"damage_healed":0.0,"max_hp_gain":0.0,"max_hp_loss":6.0,"gold_gain":0.0,"event_name":"Golden Idol","player_choice":"Lose Max HP","floor":12.0,"gold_loss":0.0,"damage_taken":0.0,"relics_obtained":["Golden Idol"]},{"damage_healed":0,"gold_gain":0,"player_choice":"Joined the Cult","damage_taken":6,"max_hp_gain":0,"max_hp_loss":0,"event_name":"Nest","floor":21,"gold_loss":0,"cards_obtained":["RitualDagger"]},{"cards_removed":["HollowMod:InfectedCysts"],"damage_healed":0,"gold_gain":0,"player_choice":"Elegance","damage_taken":0,"max_hp_gain":0,"max_hp_loss":0,"event_name":"Back to Basics","floor":22,"gold_loss":0}],"is_beta":false,"boss_relics":[{"not_picked":["Runic Dome","Coffee Dripper"],"picked":"Ectoplasm"}],"items_purged_floors":[2,11],"is_endless":false,"potions_floor_spawned":[1,7,14,18],"killed_by":"Slavers","ascension_level":1}