{"gold_per_floor":[113,133,133,150,162,162,193,208,208,208],"floor_reached":10,"playtime":516,"items_purged":[],"score":77,"play_id":"11c26bab-8f0d-4c39-a8c3-0380ad4ebae6","local_time":"20190526205728","daily_mods":["SealedDeck"],"is_ascension_mode":true,"campfire_choices":[{"data":"HollowMod:ShadowDash","floor":6,"key":"SMITH"}],"neow_cost":"","seed_source_timestamp":0,"circlet_count":0,"master_deck":["HollowMod:AbyssShriek","HollowMod:DashSlash","HollowMod:WraithStrike","HollowMod:RecoilStrike","HollowMod:Flukenest","HollowMod:PogoStrike","HollowMod:BlackTendrils","HollowMod:HerrahsAnger","HollowMod:SiblingsShadow","HollowMod:VengefulVoid","HollowMod:ShadowDash+1","HollowMod:PerfectDash","HollowMod:ShapeofUnn","HollowMod:Flukenest","HollowMod:VengefulVoid"],"relics":["HollowMod:VesselMask","Anchor","Darkstone Periapt"],"potions_floor_usage":[8],"damage_taken":[{"damage":0,"enemies":"2 Louse","floor":1,"turns":1},{"damage":0,"enemies":"Cultist","floor":2,"turns":2},{"damage":5,"enemies":"Small Slimes","floor":4,"turns":2},{"damage":24,"enemies":"3 Louse","floor":5,"turns":2},{"damage":10,"enemies":"Lagavulin","floor":7,"turns":4},{"damage":34,"enemies":"Exordium Thugs","floor":8,"turns":4},{"damage":12,"enemies":"Exordium Wildlife","floor":10,"turns":1}],"seed_played":"-8635018769520376536","potions_obtained":[{"floor":2,"key":"Poison Potion"},{"floor":5,"key":"EssenceOfSteel"}],"is_trial":true,"path_per_floor":["M","M","?","M","M","R","E","M","T","M"],"character_chosen":"THE_BUGKNIGHT","items_purchased":[],"campfire_rested":0,"item_purchase_floors":[],"current_hp_per_floor":[75,75,75,70,46,46,40,9,9,0],"gold":208,"neow_bonus":"","is_prod":false,"is_daily":false,"chose_seed":false,"campfire_upgraded":1,"win_rate":0,"timestamp":1558922248,"path_taken":["M","M","?","M","?","R","E","M","T","M"],"build_version":"2019-01-23","purchased_purges":0,"victory":false,"max_hp_per_floor":[75,75,75,75,75,75,75,75,75,75],"card_choices":[{"not_picked":["HollowMod:RecoilStrike","HollowMod:PureNailStrike"],"picked":"HollowMod:ShadowDash","floor":1},{"not_picked":["HollowMod:VengefulVoid","HollowMod:GoodIntentions"],"picked":"HollowMod:PerfectDash","floor":2},{"not_picked":["HollowMod:SoulSplash","HollowMod:HeavyBlow"],"picked":"HollowMod:ShapeofUnn","floor":4},{"not_picked":["HollowMod:TaintedHusks","HollowMod:SoulSplash","HollowMod:MothsMistake"],"picked":"SKIP","floor":5},{"not_picked":["HollowMod:GoodIntentions","HollowMod:SlysStrikes"],"picked":"HollowMod:Flukenest","floor":7},{"not_picked":["HollowMod:ChannelNail","HollowMod:SoulEater"],"picked":"HollowMod:VengefulVoid","floor":8}],"player_experience":35290,"relics_obtained":[{"floor":7,"key":"Anchor"},{"floor":9,"key":"Darkstone Periapt"}],"event_choices":[{"damage_healed":0,"gold_gain":0,"player_choice":"Bought 0 Potions","damage_taken":0,"max_hp_gain":0,"max_hp_loss":0,"event_name":"The Woman in Blue","floor":3,"gold_loss":0}],"is_beta":false,"boss_relics":[],"items_purged_floors":[],"is_endless":false,"potions_floor_spawned":[2,5],"killed_by":"Exordium Wildlife","ascension_level":2}